<record><leader>00000cas a22000007a 4500</leader><controlfield tag="001">10443223</controlfield><controlfield tag="008">840222d18661877paudn ne      0    0eng d</controlfield><controlfield tag="009">3781</controlfield><datafield ind1=" " ind2=" " tag="010"><subfield code="a">sn 84026384 </subfield></datafield><datafield ind1=" " ind2=" " tag="040"><subfield code="a">NPU</subfield><subfield code="b">eng</subfield><subfield code="c">NPU</subfield><subfield code="d">NPH</subfield><subfield code="d">NPY</subfield><subfield code="d">NPH</subfield><subfield code="d">NPX</subfield><subfield code="d">DLC</subfield><subfield code="d">NPH</subfield><subfield code="d">MGN</subfield></datafield><datafield ind1="1" ind2=" " tag="029"><subfield code="a">AU@</subfield><subfield code="b">000025841597</subfield></datafield><datafield ind1=" " ind2=" " tag="042"><subfield code="a">msc</subfield></datafield><datafield ind1="0" ind2="0" tag="050"><subfield code="a">Newspaper 9375-X</subfield></datafield><datafield ind1="0" ind2=" " tag="130"><subfield code="a">Pittsburgh gazette (Pittsburgh, Pa. : 1866 : Daily)</subfield></datafield><datafield ind1="0" ind2="4" tag="245"><subfield code="a">The Pittsburgh gazette.</subfield></datafield><datafield ind1="0" ind2="3" tag="246"><subfield code="a">Pittsburgh daily gazette</subfield></datafield><datafield ind1="0" ind2="3" tag="246"><subfield code="a">Daily gazette</subfield></datafield><datafield ind1=" " ind2=" " tag="250"><subfield code="a">[Daily ed.]</subfield></datafield><datafield ind1=" " ind2=" " tag="260"><subfield code="a">Pittsburgh, Pa. :</subfield><subfield code="b">Gazette Ass.,</subfield><subfield code="c">1866-1877.</subfield></datafield><datafield ind1=" " ind2=" " tag="300"><subfield code="a">12 v. ;</subfield><subfield code="c">55-76 cm.</subfield></datafield><datafield ind1=" " ind2=" " tag="310"><subfield code="a">Daily (except Sun.)</subfield></datafield><datafield ind1="0" ind2=" " tag="362"><subfield code="a">Vol. 80, no. 6 (Jan. 8, 1866)-v. 91, no. 169 (Feb. 14, 1877).</subfield></datafield><datafield ind1=" " ind2=" " tag="500"><subfield code="a">Variant title: Pittsburgh daily gazette, &lt;June 28&gt;-Nov. 30, 1872.</subfield></datafield><datafield ind1=" " ind2=" " tag="500"><subfield code="a">Publishers: Penniman, Reed &amp; Co., &lt;Aug. 17, 1866-July 2, 1870&gt;; King, Reed &amp; Co., &lt;Apr. 3, 1871-July 3, 1876&gt;.</subfield></datafield><datafield ind1=" " ind2=" " tag="752"><subfield code="a">United States</subfield><subfield code="b">Pennsylvania</subfield><subfield code="c">Allegheny</subfield><subfield code="d">Pittsburgh.</subfield></datafield><datafield ind1="0" ind2=" " tag="775"><subfield code="t">Pittsburgh weekly gazette (Pittsburgh, Pa. : 1868)</subfield><subfield code="w">(DLC)sn 84026385</subfield></datafield><datafield ind1="0" ind2="0" tag="780"><subfield code="t">Daily Pittsburgh gazette (Pittsburgh, Pa. : 1863)</subfield><subfield code="w">(OCoLC)10491706</subfield><subfield code="w">(DLC)sn 84025760</subfield></datafield><datafield ind1="0" ind2="7" tag="785"><subfield code="t">Pittsburgh commercial (Pittsburgh, Pa. : 1864)</subfield><subfield code="w">(OCoLC)2266150</subfield><subfield code="w">(DLC)sn 83025913</subfield></datafield><datafield ind1="0" ind2="7" tag="785"><subfield code="t">Pittsburgh commercial gazette</subfield><subfield code="w">(OCoLC)2266151</subfield><subfield code="w">(DLC)sn 85054512</subfield></datafield></record>